<?xml version='1.0'?>

<searchRetrieveResponse xmlns="http://www.loc.gov/zing/srw/">
<version>1.1</version>
<numberOfRecords>1</numberOfRecords>
<records>
<record><recordSchema>info:srw/schema/1/marcxml-v1.1</recordSchema><recordPacking>xml</recordPacking><recordData><marc:record xmlns:marc="http://www.loc.gov/MARC21/slim"><marc:leader>00000cam a2200469 i 4500</marc:leader><marc:controlfield tag="001">002487518</marc:controlfield><marc:controlfield tag="003">BE-GnUNI</marc:controlfield><marc:controlfield tag="005">20180907101551.0</marc:controlfield><marc:controlfield tag="008">180116t20182018enk    ||b   |001 ||eng||</marc:controlfield><marc:datafield tag="010" ind1=" " ind2=" "><marc:subfield code="a">2017060366</marc:subfield></marc:datafield><marc:datafield tag="020" ind1=" " ind2=" "><marc:subfield code="a">9781108422925</marc:subfield><marc:subfield code="q">hardcover</marc:subfield></marc:datafield><marc:datafield tag="020" ind1=" " ind2=" "><marc:subfield code="a">1108422926</marc:subfield><marc:subfield code="q">hardcover</marc:subfield></marc:datafield><marc:datafield tag="020" ind1=" " ind2=" "><marc:subfield code="a">9781108435215</marc:subfield><marc:subfield code="q">paperback</marc:subfield></marc:datafield><marc:datafield tag="020" ind1=" " ind2=" "><marc:subfield code="a">1108435211</marc:subfield><marc:subfield code="q">paperback</marc:subfield></marc:datafield><marc:datafield tag="035" ind1=" " ind2=" "><marc:subfield code="a">(OCoLC)1013593868</marc:subfield><marc:subfield code="z">(OCoLC)1013587053</marc:subfield></marc:datafield><marc:datafield tag="040" ind1=" " ind2=" "><marc:subfield code="a">BE-GnUNI</marc:subfield></marc:datafield><marc:datafield tag="042" ind1=" " ind2=" "><marc:subfield code="a">pcc</marc:subfield></marc:datafield><marc:datafield tag="043" ind1=" " ind2=" "><marc:subfield code="a">e------</marc:subfield></marc:datafield><marc:datafield tag="050" ind1=" " ind2=" "><marc:subfield code="a">GN803</marc:subfield><marc:subfield code="b">.S47 2018</marc:subfield></marc:datafield><marc:datafield tag="082" ind1=" " ind2=" "><marc:subfield code="a">936</marc:subfield><marc:subfield code="2">23</marc:subfield></marc:datafield><marc:datafield tag="100" ind1="1" ind2=" "><marc:subfield code="a">Shennan, Stephen</marc:subfield></marc:datafield><marc:datafield tag="245" ind1="1" ind2="4"><marc:subfield code="a">The first farmers of Europe :</marc:subfield><marc:subfield code="b">an evolutionary perspective /</marc:subfield><marc:subfield code="c">Stephen Shennan.</marc:subfield></marc:datafield><marc:datafield tag="260" ind1=" " ind2=" "><marc:subfield code="a">Cambridge :</marc:subfield><marc:subfield code="b">Cambridge university press,</marc:subfield><marc:subfield code="c">2018.</marc:subfield></marc:datafield><marc:datafield tag="300" ind1=" " ind2=" "><marc:subfield code="a">Xviii, 253 pages ;</marc:subfield><marc:subfield code="c">26 cm.</marc:subfield></marc:datafield><marc:datafield tag="490" ind1=" " ind2=" "><marc:subfield code="a">Cambridge world archaeology</marc:subfield></marc:datafield><marc:datafield tag="504" ind1=" " ind2=" "><marc:subfield code="a">Includes bibliographical references and index.</marc:subfield></marc:datafield><marc:datafield tag="505" ind1=" " ind2=" "><marc:subfield code="a">Introduction: population, resources and life histories -- The origins of agriculture in South-West Asia -- The first westward expansion of farming -- The spread of farming into Central Europe -- Maritime expansion in the central and west Mediterranean -- Continental temperate Europe 7000-5500 BP: internal expansion and adaption -- First farmers in southern Scandinavia -- The farming colonisation of Britain and Ireland.</marc:subfield></marc:datafield><marc:datafield tag="650" ind1=" " ind2="7"><marc:subfield code="a">Agriculture, Prehistoric</marc:subfield><marc:subfield code="z">Europe.</marc:subfield><marc:subfield code="2">lcsh</marc:subfield></marc:datafield><marc:datafield tag="650" ind1=" " ind2="7"><marc:subfield code="a">Agriculture, Prehistoric.</marc:subfield><marc:subfield code="2">fast</marc:subfield><marc:subfield code="0">(OCoLC)fst00801820</marc:subfield></marc:datafield><marc:datafield tag="650" ind1=" " ind2="7"><marc:subfield code="a">Neolithic period</marc:subfield><marc:subfield code="z">Europe.</marc:subfield><marc:subfield code="2">lcsh</marc:subfield></marc:datafield><marc:datafield tag="650" ind1=" " ind2="7"><marc:subfield code="a">Neolithic period.</marc:subfield><marc:subfield code="2">fast</marc:subfield><marc:subfield code="0">(OCoLC)fst01035813</marc:subfield></marc:datafield><marc:datafield tag="651" ind1=" " ind2="7"><marc:subfield code="a">Europe.</marc:subfield><marc:subfield code="2">fast</marc:subfield><marc:subfield code="0">(OCoLC)fst01245064</marc:subfield></marc:datafield><marc:datafield tag="830" ind1=" " ind2=" "><marc:subfield code="a">Cambridge world archaeology.</marc:subfield></marc:datafield><marc:datafield tag="852" ind1="4" ind2=" "><marc:subfield code="x">LW</marc:subfield><marc:subfield code="b">LW55</marc:subfield><marc:subfield code="c">L08</marc:subfield><marc:subfield code="j">LWBIB.L08.008.135</marc:subfield><marc:subfield code="p">000011143283</marc:subfield></marc:datafield><marc:datafield tag="920" ind1=" " ind2=" "><marc:subfield code="a">book</marc:subfield></marc:datafield><marc:datafield tag="SID" ind1=" " ind2=" "><marc:subfield code="a">Z39</marc:subfield><marc:subfield code="b">OLUCWORLDCAT</marc:subfield></marc:datafield><marc:datafield tag="264" ind1=" " ind2="1"><marc:subfield code="a">Cambridge, United Kingdom ;</marc:subfield><marc:subfield code="a">New York, NY, USA :</marc:subfield><marc:subfield code="b">Cambridge University Press,</marc:subfield><marc:subfield code="c">2018.</marc:subfield></marc:datafield><marc:datafield tag="264" ind1=" " ind2="4"><marc:subfield code="c">©2018.</marc:subfield></marc:datafield><marc:datafield tag="336" ind1=" " ind2=" "><marc:subfield code="a">text</marc:subfield><marc:subfield code="b">txt</marc:subfield><marc:subfield code="2">rdacontent</marc:subfield></marc:datafield><marc:datafield tag="337" ind1=" " ind2=" "><marc:subfield code="a">unmediated</marc:subfield><marc:subfield code="b">n</marc:subfield><marc:subfield code="2">rdamedia</marc:subfield></marc:datafield><marc:datafield tag="338" ind1=" " ind2=" "><marc:subfield code="a">volume</marc:subfield><marc:subfield code="b">nc</marc:subfield><marc:subfield code="2">rdacarrier</marc:subfield></marc:datafield><marc:datafield tag="CRD" ind1=" " ind2=" "><marc:subfield code="a">L0820180816</marc:subfield></marc:datafield><marc:datafield tag="Z30" ind1="-" ind2="1"><marc:subfield code="l">RUG01</marc:subfield><marc:subfield code="L">RUG01</marc:subfield><marc:subfield code="m">BOOK</marc:subfield><marc:subfield code="x">LW</marc:subfield><marc:subfield code="1">LW55</marc:subfield><marc:subfield code="2">L08</marc:subfield><marc:subfield code="3">LWBIB.L08.008.135</marc:subfield><marc:subfield code="5">000011143283</marc:subfield><marc:subfield code="8">20180816</marc:subfield><marc:subfield code="f">05</marc:subfield><marc:subfield code="F">onsite/LOAN</marc:subfield><marc:subfield code="g">103784</marc:subfield></marc:datafield></marc:record>
</recordData><recordPosition>1</recordPosition></record>
</records>

<extraResponseData></extraResponseData> 
<echoedSearchRetrieveRequest><version>1.1</version><query>isbn=9781108422925</query><startRecord>1</startRecord><maximumRecords>10</maximumRecords><recordSchema>marcxml</recordSchema><xQuery><searchClause xmlns="http://www.loc.gov/zing/cql/xcql/"><index>isbn</index><relation><value>=</value></relation><term>9781108422925</term></searchClause></xQuery></echoedSearchRetrieveRequest>
</searchRetrieveResponse>

